<record><leader>00000cas a2200000 a 4500</leader><controlfield tag="001">12372379</controlfield><controlfield tag="008">850810d194619uuhiusx ne      0    0eng d</controlfield><datafield ind1=" " ind2=" " tag="010"><subfield code="a">sn 85047197 </subfield></datafield><datafield ind1=" " ind2=" " tag="040"><subfield code="a">HUH</subfield><subfield code="b">eng</subfield><subfield code="c">HUH</subfield><subfield code="d">HWN</subfield><subfield code="d">OCL</subfield><subfield code="d">OCLCQ</subfield><subfield code="d">OCLCF</subfield><subfield code="d">OCLCO</subfield></datafield><datafield ind1="1" ind2=" " tag="029"><subfield code="a">AU@</subfield><subfield code="b">000020386800</subfield></datafield><datafield ind1="0" ind2=" " tag="041"><subfield code="a">engilo</subfield></datafield><datafield ind1=" " ind2=" " tag="042"><subfield code="a">msc</subfield></datafield><datafield ind1=" " ind2=" " tag="043"><subfield code="a">n-us-hi</subfield></datafield><datafield ind1=" " ind2=" " tag="090"><subfield code="a">SB215</subfield><subfield code="b">.P52</subfield></datafield><datafield ind1="0" ind2=" " tag="130"><subfield code="a">Plantation news (Honolulu, Hawaii)</subfield></datafield><datafield ind1="1" ind2="4" tag="245"><subfield code="a">The Plantation news.</subfield></datafield><datafield ind1=" " ind2=" " tag="260"><subfield code="a">Honolulu, T.H. :</subfield><subfield code="b">Plantation News</subfield></datafield><datafield ind1=" " ind2=" " tag="300"><subfield code="a">v. :</subfield><subfield code="b">ill. ;</subfield><subfield code="c">42 cm.</subfield></datafield><datafield ind1=" " ind2=" " tag="310"><subfield code="a">Semimonthly,</subfield><subfield code="b">Feb. 1947-</subfield></datafield><datafield ind1=" " ind2=" " tag="321"><subfield code="a">Monthly,</subfield><subfield code="b">1946-Jan. 1947</subfield></datafield><datafield ind1="0" ind2=" " tag="362"><subfield code="a">Mar. 1946-</subfield></datafield><datafield ind1=" " ind2=" " tag="515"><subfield code="a">Issues for Mar. 1946-Apr.? 1948 called v. 1-3; with June 1948 issue, numbering repeats from v. 1, no. 1.</subfield></datafield><datafield ind1="8" ind2=" " tag="521"><subfield code="a">"The newspaper for the plantation family."</subfield></datafield><datafield ind1=" " ind2=" " tag="546"><subfield code="a">In English; beginning Jan. 1947, includes section in Ilocano.</subfield></datafield><datafield ind1=" " ind2=" " tag="550"><subfield code="a">Issued by Hawaiian Sugar Planters' Association.</subfield></datafield><datafield ind1=" " ind2="0" tag="650"><subfield code="a">Sugar plantations</subfield><subfield code="z">Hawaii</subfield><subfield code="v">Newspapers.</subfield></datafield><datafield ind1=" " ind2="0" tag="651"><subfield code="a">Hawaii</subfield><subfield code="v">Newspapers.</subfield></datafield><datafield ind1=" " ind2="7" tag="655"><subfield code="a">Newspapers.</subfield><subfield code="2">fast</subfield><subfield code="0">(OCoLC)fst01423814</subfield></datafield><datafield ind1=" " ind2="7" tag="650"><subfield code="a">Sugar plantations.</subfield><subfield code="2">fast</subfield><subfield code="0">(OCoLC)fst01744089</subfield></datafield><datafield ind1=" " ind2="7" tag="651"><subfield code="a">Hawaii.</subfield><subfield code="2">fast</subfield><subfield code="0">(OCoLC)fst01208724</subfield></datafield><datafield ind1="2" ind2=" " tag="710"><subfield code="a">Hawaiian Sugar Planters' Association.</subfield></datafield><datafield ind1=" " ind2=" " tag="752"><subfield code="a">United States</subfield><subfield code="b">Hawaii</subfield><subfield code="c">Honolulu</subfield><subfield code="d">Honolulu.</subfield></datafield></record>